%
% BibTex Database
% ===========================================================================
% This is part of the document "Project documentation template".
% Authors: brd3
%

%@book{kopka:band1,
%	author = {Helmut Kopka},
%	title = {\LaTeX, Band 1: Eine Einführung},
%	publisher = {Pearson Studium},
%	journal = {Operations Research},
%	volume = {3},
%	year = {2002},
%	isbn = {3827370388}
%}
%
%@booklet{raichle:bibtex_programmierung,
%  title = {Einführung in die {BibTeX}-{P}rogrammierung},
%  author = {Bernd Raichle},
%  year = {2002},
%  institution = {DANTE},
%  url = {http://www.dante.de/dante/events/dante2002/handouts/raichle-bibtexprog.pdf}
%}
%
%@misc{MiKTeX,
%  author = {Christian Schenk},
%  title = {{MiKTeX Project Page}},
%  url = {http://www.miktex.org/},
%}
